@book{morin2008introduction,
  title={Introduction to classical mechanics: with problems and solutions},
  author={Morin, David},
  year={2008},
  publisher={Cambridge University Press}
}

@book{taylor2005classic,
  title={Classical Mechanics},
  author={John, R.Taylor},
  year={2005},
  publisher={University Science Books}
}

@book{gilbert2009introduction,
  title={Introduction to Linear Algebra, 4th Edition},
  author={Gilbert, Strang},
  year={2009},
  publisher={WELLESLEY - CAMBRIDGE PRESS}
}