@book{morin2008introduction,
  title={Introduction to classical mechanics: with problems and solutions},
  author={Morin, David},
  year={2008},
  publisher={Cambridge University Press}
}

@book{brebec2005cohoc1,
  author    = {Jean-Marie Br{\'e}bec},
  title     = {PFIEV Cơ học 1},
  year      = {2005},
  publisher = {Nhà xuất bản Giáo dục},
  language  = {Vietnamese}
}

@book{BoiDuoongHSGTHPT_Phantich,
    author = {Phạm Văn Thiều},
    title = {Bồi Dưỡng Học Sinh Giỏi Vật Lí THPT: Những Bài Toán Tổng Hợp - Phân Tích Và Lời Giải},
    publisher = {Nhà xuất bản Giáo dục Việt Nam},
    year = {2005}
}
