@book{golub2013matrix,
  title={Matrix Computations},
  author={Golub, G.H. and Van Loan, C.F.},
  isbn={9781421407944},
  lccn={2012943449},
  series={Johns Hopkins Studies in the Mathematical Sciences},
  year={2013},
  publisher={Johns Hopkins University Press}
}

@book{langtangen2017finite,
  title={Finite Difference Computing with PDEs: A Modern Software Approach},
  author={Langtangen, H.P. and Linge, S.},
  isbn={9783319554563},
  lccn={2017942747},
  series={Texts in Computational Science and Engineering},
  year={2017},
  publisher={Springer International Publishing}
}

@book{zienkiewicz2005finite,
  title={The Finite Element Method: Its Basis and Fundamentals},
  author={Zienkiewicz, O.C. and Taylor, R.L. and Zhu, J.Z.},
  isbn={9780080472775},
  year={2005},
  publisher={Butterworth-Heinemann}
}

@incollection{LoggEtal_10_2012,
  title     = {{DOLFIN:} a {C++/Python} Finite Element Library},
  author    = {Logg, Anders and Wells, Garth N. and Hake, Johan},
  year      = {2012},
  booktitle = {Automated Solution of Differential Equations by the Finite Element Method},
  publisher = {Springer},
  series    = {Lecture Notes in Computational Science and Engineering},
  volume    = {84},
  chapter   = {10},
  editor    = {Logg, Anders and Mardal, Kent-Andre and Wells, Garth N.},
}