%%Ch1
@book{calculusjame,
  author    = {James Stewart},
  title     = {Calculus 1 },
  edition   ={7th},
  year      = {2012},
  publisher = {Cengage Learning},
}

@book{danko,
  author  = {P.E.Đankô},
  title   = {Bài tập toán học cao cấp phần I},
  translator = {Hoàng Đức Nguyên},
  year    = {1983},
  publisher = {Mir, Nhà xuất bản Đại học và Trung học chuyên nghiệp}, 
}

@book{engineeringHob,
  author   = {Riley Hobson},
  title    = {Mathmatical Methods for Physics and Engineering},
  edition  ={2nd},
  year     = {2011},
  publisher = {Cambridge University Press},  
}

@book{demical,
  author   ={Đêmiđôvic},
  title   ={Bài tập Giải tích toán học tập I},
  translator = {Nguyễn Hữu Ngự, Võ Đức Tôn},
  year       ={1975},
  publisher = {Nhà xuất bản Đại học và Trung học chuyên nghiệp},
}
%%Ch2
@book{linear123,
  author    = {Introduction to Linear Algebra},
  title     = {Gilbert Strange},
  edition   = {5th},
  year      = {2023},
  publisher = {Prentice Hall},
}

@book{cack,
  author = {Nguyễn Vĩnh Phú},
  title = {Toán Học Chân Phương},
  year = {2024},
}

@misc{3b1b,
  author = {3Blue1Brown},
  title = {Linear Algebra},
  url = {https://www.3blue1brown.com/lessons/linear-algebra},
}

@book{savelyev,
    author = {I.V.Savelyev},
    title  ={Giáo trình vật lý đại cương tập 1},
    year={1988},
    publisher = {Nhà xuất bản Đại học và Trung học chuyên nghiệp},
}



@book{pfiev1,
  author = {Jean - Marie Brébec},
  publisher = {NXB Giáo dục},
  title = {PFIEV Cơ học 1},
  year = {2015}
}

@book{pfiev2,
  author = {Jean - Marie Brébec},
  publisher = {NXB Giáo dục},
  title = {PFIEV Cơ học 2},
  year = {2015}
}

@book{cline2017variational,
  title={Variational principles in classical mechanics},
  author={Cline, Douglas},
  year={2017},
  publisher={University of Rochester River Campus Librarie}
}

@book{morin2008introduction,
  title={Introduction to classical mechanics: with problems and solutions},
  author={Morin, David},
  year={2008},
  publisher={Cambridge University Press}
}

@book{feynman1963feynman,
  title={Feynman lectures on physics},
  author={Feynman, Richard P and Leighton, Robert B and Sands, Matthew},
  year={1963},
  publisher={Addison-Wesley}
}

@book{kleppner2014introduction,
  title={An introduction to mechanics},
  author={Kleppner, Daniel and Kolenkow, Robert},
  year={2014},
  publisher={Cambridge University Press}
}

@book{landau1976mechanics,
  title={Mechanics},
  author={Landau, L D and Lifshitz, E M},
  year={1976},
  publisher={Pergamon Press}
}

@book{kompaneyets2013theoretical,
  title={Theoretical physics},
  author={Kompaneyets, Aleksandr Solomonovich},
  year={2013},
  publisher={Courier Corporation}
}

@book{savelyev1980physics,
  title={Physics, a General Course},
  author={Savelʹev, Igorʹ Vladimirovich},
  volume={2},
  year={1980},
  publisher={Mir}
}
@article{tuan2019kinematic,
  title={Kinematic and dynamic analysis of multibody systems using the Kronecker product},
  author={Tuan, Nguyen Thai Minh and Chung, Pham Thanh and Phong, Phan Dang and others},
  journal={Vietnam Journal of Science and Technology},
  volume={57},
  number={1},
  pages={112--127},
  year={2019}
}

@article{craig2011introduction,
  title={Introduction to Robotics: Mechanics and Control},
  author={Craig, JJ and Siegwart, R and Nourbakhsh, IR and Scaramuzza, D},
  year={2011},
  publisher={Pearson}
}

@article{dao2002cohocgiaitich,
  title={Cơ học giải t{\'\i}ch},
  author={{\DJ}ạo, Nguyễn V{\u{a}}n},
  journal={NXB {\DJ}ại học quốc gia, H{\`a} nội},
  year={2002}
}

%% Dimensional Analysis
@book{Lemons_2017,
  place={Cambridge},
  series={Student’s Guides},
  title={A Student’s Guide to Dimensional Analysis},
  publisher={Cambridge University Press},
  author={Lemons, Don S.},
  year={2017},
  collection={Student’s Guides}
}

@book{robinett2025dimensional,
  title={Dimensional Analysis Across the Landscape of Physics: Classic Results, Textbook Examples, and Exploration of Research},
  author={Robinett, Richard W},
  year={2025},
  publisher={Oxford University Press}
}

@book{golub2013matrix,
  title={Matrix Computations},
  author={Golub, G.H. and Van Loan, C.F.},
  isbn={9781421407944},
  lccn={2012943449},
  series={Johns Hopkins Studies in the Mathematical Sciences},
  url={https://books.google.fr/books?id=X5YfsuCWpxMC},
  year={2013},
  publisher={Johns Hopkins University Press}
}

@book{langtangen2017finite,
  title={Finite Difference Computing with PDEs: A Modern Software Approach},
  author={Langtangen, H.P. and Linge, S.},
  isbn={9783319554563},
  lccn={2017942747},
  series={Texts in Computational Science and Engineering},
  url={https://books.google.fr/books?id=NNpCDwAAQBAJ},
  year={2017},
  publisher={Springer International Publishing}
}

@book{zienkiewicz2005finite,
  title={The Finite Element Method: Its Basis and Fundamentals},
  author={Zienkiewicz, O.C. and Taylor, R.L. and Zhu, J.Z.},
  isbn={9780080472775},
  url={https://books.google.fr/books?id=YocoaH8lnx8C},
  year={2005},
  publisher={Butterworth-Heinemann}
}

@incollection{LoggEtal_10_2012,
  title     = {{DOLFIN:} a {C++/Python} Finite Element Library},
  author    = {Logg, Anders and Wells, Garth N. and Hake, Johan},
  year      = {2012},
  booktitle = {Automated Solution of Differential Equations by the Finite Element Method},
  publisher = {Springer},
  series    = {Lecture Notes in Computational Science and Engineering},
  volume    = {84},
  chapter   = {10},
  editor    = {Logg, Anders and Mardal, Kent-Andre and Wells, Garth N.},
}