@book{morin2008introduction,
  title={Introduction to classical mechanics: with problems and solutions},
  author={Morin, David},
  year={2008},
  publisher={Cambridge University Press}
}

@book{calculusjame,
  author    = {James Stewart},
  title     = {Calculus 2 },
  edition   ={7th},
  year      = {2012},
  publisher = {Cengage Learning},
}

@book{griffiths2023introduction,
  title={Introduction to electrodynamics},
  author={Griffiths, David J},
  year={2023},
  publisher={Cambridge University Press}
}

@misc{3b1b,
  author = {3Blue1Brown},
  title = {Divergence and curl: The language of Maxwell's equations, fluid flow, and more},
  url = {https://youtu.be/rB83DpBJQsE?si=p7fj_iWCeCR2G_VJ},
}