@book{morin2008introduction,
  title={Introduction to classical mechanics: with problems and solutions},
  author={Morin, David},
  year={2008},
  publisher={Cambridge University Press}
}

@book{cline2017variational,
  title={Variational principles in classical mechanics},
  author={Cline, Douglas},
  year={2017},
  publisher={University of Rochester River Campus Librarie}
}

@article{dao2002cohocgiaitich,
  title={Cơ học giải t{\'\i}ch},
  author={{\DJ}ạo, Nguyễn V{\u{a}}n},
  journal={NXB {\DJ}ại học quốc gia, H{\`a} nội},
  year={2002}
}